@misc{OpenAI,
  author       = {OpenAI},
  title        = {ChatGPT},
  year         = 2024,
  howpublished = {\url{https://www.openai.com}},
  note         = {}
}

@misc{ANEGithub,
  author       = {hollance},
  title        = {neural-engine},
  year         = 2024,
  howpublished = {\url{https://github.com/hollance/neural-engine}},
  note         = {}
}