@misc{website,
  author       = {Freescale Semiconductor},
  title        = {Understanding DDR SDRAM timing parameters},
  howpublished = {\url{https://www.eetimes.com/understanding-ddr-sdram-timing-parameters/}},
  note         = {Accessed: 2024-10-01}
}
@misc{cloudtencent,
  author       = {Cloud Tencent},
  title        = {Understanding RAM Timings},
  howpublished = {\url{https://cloud.tencent.com/developer/article/2003206}},
  note         = {}
}

@misc{tRASWeb,
  author       = {},
  title        = {},
  howpublished = {\url{https://compress.ru/article.aspx?id=16737}},
  note         = {}
}

@misc{RAMTimingWeb,
  author       = {},
  title        = {},
  howpublished = {\url{https://www.diskmfr.com/what-exactly-is-memory-timing-outsiders-see-frequency-insiders-see-timing/}},
  note         = {}
}
